<?xml version="1.0" encoding="UTF-8"?><record xmlns="http://www.loc.gov/MARC21/slim" xmlns:cinclude="http://apache.org/cocoon/include/1.0" xmlns:zs="http://www.loc.gov/zing/srw/">
  <leader>00755cz  a2200193n  4500</leader>
  <controlfield tag="001">nr 00018685 </controlfield>
  <controlfield tag="003">DLC</controlfield>
  <controlfield tag="005">20080928081118.0</controlfield>
  <controlfield tag="008">000605nc acannaabn          |b ana     c</controlfield>
  <datafield tag="010" ind1=" " ind2=" ">
    <subfield code="a">nr 00018685 </subfield>
  </datafield>
  <datafield tag="035" ind1=" " ind2=" ">
    <subfield code="a">(OCoLC)oca05251967</subfield>
  </datafield>
  <datafield tag="040" ind1=" " ind2=" ">
    <subfield code="a">NIC</subfield>
    <subfield code="b">eng</subfield>
    <subfield code="c">NIC</subfield>
    <subfield code="d">OCoLC</subfield>
  </datafield>
  <datafield tag="110" ind1="2" ind2=" ">
    <subfield code="a">"Shenyang shang hui zhi" bian zuan wei yuan hui</subfield>
  </datafield>
  <datafield tag="410" ind1="2" ind2=" ">
    <subfield code="w">nne</subfield>
    <subfield code="a">"Shen-yang shang hui chih" pien tsuan wei yüan hui</subfield>
  </datafield>
  <datafield tag="410" ind1="2" ind2=" ">
    <subfield code="a">"Shenyang shang hui zhi" pian zuan wei yuan hui</subfield>
  </datafield>
  <datafield tag="410" ind1="2" ind2=" ">
    <subfield code="a">《沈阳商会志》编纂委员会</subfield>
  </datafield>
  <datafield tag="667" ind1=" " ind2=" ">
    <subfield code="a">Machine-derived non-Latin script reference project.</subfield>
  </datafield>
  <datafield tag="667" ind1=" " ind2=" ">
    <subfield code="a">Non-Latin script reference not evaluated.</subfield>
  </datafield>
  <datafield tag="670" ind1=" " ind2=" ">
    <subfield code="a">Shen-yang shang hui chih (1862-1995), 1998:</subfield>
    <subfield code="b">t.p. (Shen-yang shang hui chih pien tsuan wei yüan hui pien)</subfield>
  </datafield>
</record>